@article{liu2010,
  title={Graph-valued regression},
  author={Liu, Han and Chen, Xi and Lafferty, John and Wasserman, Larry},
  journal={arXiv preprint arXiv:1006.3972},
  year={2010}
}

@article{liu2009,
  title={The nonparanormal: Semiparametric estimation of high dimensional undirected graphs},
  author={Liu, Han and Lafferty, John and Wasserman, Larry},
  journal={The Journal of Machine Learning Research},
  volume={10},
  pages={2295--2328},
  year={2009},
  publisher={JMLR. org}
}

@article{friedman2008,
  title={Sparse inverse covariance estimation with the graphical lasso},
  author={Friedman, Jerome and Hastie, Trevor and Tibshirani, Robert},
  journal={Biostatistics},
  volume={9},
  number={3},
  pages={432--441},
  year={2008},
  publisher={Biometrika Trust}
}

@article{ravikumar2008,
  title={Model selection in Gaussian graphical models: High-dimensional consistency of l1-regularized MLE},
  author={Ravikumar, Pradeep and Raskutti, Garvesh and Wainwright, Martin and Yu, Bin},
  journal={Advances in Neural Information Processing Systems (NIPS)},
  volume={21},
  year={2008}
}

@article{rothman2008,
  title={Sparse permutation invariant covariance estimation},
  author={Rothman, Adam J and Bickel, Peter J and Levina, Elizaveta and Zhu, Ji},
  journal={Electronic Journal of Statistics},
  volume={2},
  pages={494--515},
  year={2008},
  publisher={Institute of Mathematical Statistics}
}

@article{zhou2010,
  title={Time varying undirected graphs},
  author={Zhou, Shuheng and Lafferty, John and Wasserman, Larry},
  journal={Machine Learning},
  volume={80},
  number={2},
  pages={295--319},
  year={2010},
  publisher={Springer}
}

@book{breiman1993classification,
  title={Classification and regression trees},
  author={Breiman, Leo},
  year={1993},
  publisher={CRC press}
}